@inproceedings{hittmeir2019utility,
    author = {Hittmeir, Markus and Ekelhart, Andreas and Mayer, Rudolf},
    title = {On the {U}tility of {S}ynthetic {D}ata: {A}n {E}mpirical {E}valuation on {M}achine {L}earning {T}asks},
    year = {2019},
    isbn = {9781450371643},
    publisher = {Association for {C}omputing {M}achinery},
    address = {New York, NY, USA},
    doi = {10.1145/3339252.3339281},
    booktitle = {Proceedings of the 14th {I}nternational {C}onference on {A}vailability, {R}eliability and {S}ecurity},
    articleno = {29},
    numpages = {6},
    keywords = {Synthetic Data, Machine Learning, Privacy-Preserving Data Mining},
    location = {Canterbury, CA, United Kingdom},
    series = {ARES '19}
}

@inproceedings{liu_block_2005,
	address = {Berlin, Heidelberg},
	title = {A {B}lock {O}riented {F}ingerprinting {S}cheme in {R}elational {D}atabase},
	volume = {3506},
	isbn = {978-3-540-32083-8},
	doi = {10.1007/11496618_33},
    language = {en},
	booktitle = {{I}nformation {S}ecurity and {C}ryptology},
	publisher = {Springer},
	author = {Liu, Siyuan and Wang, Shuhong and Deng, Robert H. and Shao, Weizhong},
	year = {2005},
	keywords = {Fingerprinting, Block, Scheme, Security},
	pages = {455--466},
}

@inproceedings{guo_fingerprinting_2006,
	address = {New York, NY, USA},
	series = {{SAC} '06},
	title = {{F}ingerprinting {R}elational {D}atabases},
	isbn = {978-1-59593-108-5},
	doi = {10.1145/1141277.1141391},
    booktitle = {{P}roceedings of the 2006 {ACM} {S}ymposium on {A}pplied {C}omputing},
    publisher = {{A}ssociation for {C}omputing {M}achinery},
	author = {Guo, Fei and Wang, Jianmin and Li, Deyi},
	year = {2006},
	pages = {487--492},
}

@inproceedings{sarcevic2019evaluation,
    title={{A}n {E}valuation on {R}obustness and {U}tility of {F}ingerprinting {S}chemes},
    author={{\v{S}}ar{\v{c}}evi{\'c}, Tanja and Mayer, Rudolf},
    booktitle={{I}nternational {C}ross-{D}omain {C}onference for {M}achine {L}earning and {K}nowledge {E}xtraction},
    doi = {10.1007/978-3-030-29726-8_14},
    pages={209--228},
    year={2019},
    address = {Cham, Switzerland},
    publisher={Springer}
}

@article{kieseberg2014algorithm,
  title={{A}n {A}lgorithm for {C}ollusion-resistant {A}nonymization and {F}ingerprinting of {S}ensitive {M}icrodata},
  author={Kieseberg, Peter and Schrittwieser, Sebastian and Mulazzani, Martin and Echizen, Isao and Weippl, Edgar},
  journal={{E}lectronic {M}arkets},
  volume={24},
  number={2},
  pages={113--124},
  year={2014},
  publisher={Springer}
}

@inproceedings{bertino2005privacy,
    title={{P}rivacy and {O}wnership {P}reserving of {O}utsourced {M}edical {D}ata},
    author={Bertino, Elisa and Ooi, Beng Chin and Yang, Yanjiang and Deng, Robert H},
    booktitle={{P}roceedings of the 21st {I}nternational {C}onference on {D}ata {E}ngineering},
    pages={521--532},
    doi = {10.1109/ICDE.2005.111},
    year={2005},
    address={Tokyo, Japan},
    publisher={IEEE}
}

@inproceedings{gambs2018entwining,
    title={{E}ntwining {S}anitization and {P}ersonalization on {D}atabases},
    author={Gambs, S{\'e}bastien and Lolive, Julien and Robert, Jean-Marc},
    booktitle={{P}roceedings of the 2018 {ACM} {A}sia {C}onference on {C}omputer and {C}ommunications {S}ecurity},
    doi = {10.1145/3196494.3196536},
    publisher = {Association for {C}omputing {M}achinery},
    address = {New York, NY, USA},
    pages={207--219},
    year={2018}
}

@article{sion2005rights,
    title={{R}ights {P}rotection for {C}ategorical {D}ata},
    author={Sion, Radu and Atallah, Mikhail and Prabhakar, Sunil},
    journal={{IEEE} {T}ransactions on {K}nowledge and {D}ata {E}ngineering},
    volume={17},
    number={7},
    pages={912--926},
    year={2005},
    doi = {10.1109/TKDE.2005.116},
    address={New York, NY, USA},
    publisher={IEEE}
}

@article{weise2022ossdip,
    title = {{OSSDIP}: {O}pen {S}ource {S}ecure {D}ata {I}nfrastructure and {P}rocesses {S}upporting {D}ata {V}isiting},
    author = {Weise, Martin and Kovacevic, Filip and Popper, Nikolas and Rauber, Andreas},
    year = {2022},
    journal = {{D}ata {S}cience {J}ournal},
    doi = {10.5334/dsj-2022-004},
    volume = {21},
    number = {1},
    pages = {4},
}

@article{trappe2003anti,
  title={{A}nti-collusion {F}ingerprinting for {M}ultimedia},
  author={Trappe, Wade and Wu, Min and Wang, Z Jane and Liu, KJ Ray},
  journal={{IEEE} {T}ransactions on {S}ignal {P}rocessing},
  volume={51},
  number={4},
  pages={1069--1087},
  year={2003},
  publisher={IEEE},
  doi = {10.1109/TSP.2003.809378}
}

@inproceedings{agrawal2002watermarking,
  title={{W}atermarking {R}elational {D}atabases},
  author={Agrawal, Rakesh and Kiernan, Jerry},
  booktitle={{P}roceedings of the 28th {I}nternational {C}onference on {V}ery {L}arge {D}atabases},
  pages={155--166},
  year={2002},
  organization={Elsevier}
}

@article{li2005fingerprinting,
    author={Yingjiu Li and Swarup, V. and Jajodia, S.},
    journal={{IEEE} {T}ransactions on {D}ependable and {S}ecure {C}omputing},  
    title={{F}ingerprinting {R}elational {D}atabases: {S}chemes and {S}pecialties},
    year={2005},
    volume={2},
    number={1},
    pages={34-45},
    doi={10.1109/TDSC.2005.12}
}

@inproceedings{piec2014watermarking,
    author={Piec, Maciej and Rauber, Andreas},
    booktitle={{P}roceedings of the 9th {I}nternational {C}onference on {A}vailability, {R}eliability and {S}ecurity},  
    title={{R}eal-{T}ime {S}creen {W}atermarking {U}sing {O}verlaying {L}ayer},
    year={2014},
    volume={},
    number={},
    pages={561-570},
    doi={10.1109/ARES.2014.83}
}

@inproceedings{zhang2008hash,
    author={Zhang, Xuesong and He, Fengling and Zuo, Wanli},
    booktitle={{A}dvanced {S}oftware {E}ngineering and {I}ts {A}pplications},
    title={{H}ash {F}unction {B}ased {S}oftware {W}atermarking},
    year={2008},
    volume={},
    number={},
    pages={95-98},
    doi={10.1109/ASEA.2008.57}
}
@document{sarcevic2021fingerprinting,
title={Fingerprinting Relational Data},
author={Sarcevic, Tanja and Mayer, Rudolf and Rauber, Andreas},
booktitle={UNECE/Eurostat Expert Meeting on Statistical Data Confidentiality},
year={2021}
}

@inproceedings{sarcevic2020correlation,
  title={A Correlation-Preserving Fingerprinting Technique for Categorical Data in Relational Databases},
  author={Sarcevic, Tanja and Mayer, Rudolf},
  booktitle={IFIP International Conference on ICT Systems Security and Privacy Protection},
  pages={401--415},
  year={2020},
  organization={Springer}
}
@inproceedings{zhang2018protecting,
  title={Protecting intellectual property of deep neural networks with watermarking},
  author={Zhang, Jialong and Gu, Zhongshu and Jang, Jiyong and Wu, Hui and Stoecklin, Marc Ph and Huang, Heqing and Molloy, Ian},
  booktitle={Proceedings of the 2018 on Asia Conference on Computer and Communications Security},
  pages={159--172},
  year={2018}
}
@inproceedings{adi2018turning,
  title={Turning your weakness into a strength: Watermarking deep neural networks by backdooring},
  author={Adi, Yossi and Baum, Carsten and Cisse, Moustapha and Pinkas, Benny and Keshet, Joseph},
  booktitle={27th USENIX Security Symposium (USENIX Security 18)},
  pages={1615--1631},
  year={2018}
}
@article{chen2019blackmarks,
  title={Blackmarks: Blackbox multibit watermarking for deep neural networks},
  author={Chen, Huili and Rouhani, Bita Darvish and Koushanfar, Farinaz},
  journal={arXiv preprint arXiv:1904.00344},
  year={2019}
}
@inproceedings{chen2019deepmarks,
  title={Deepmarks: A secure fingerprinting framework for digital rights management of deep learning models},
  author={Chen, Huili and Rouhani, Bita Darvish and Fu, Cheng and Zhao, Jishen and Koushanfar, Farinaz},
  booktitle={Proceedings of the 2019 on International Conference on Multimedia Retrieval},
  pages={105--113},
  year={2019}
}
@inproceedings{darvish2019deepsigns,
  title={Deepsigns: An end-to-end watermarking framework for ownership protection of deep neural networks},
  author={Darvish Rouhani, Bita and Chen, Huili and Koushanfar, Farinaz},
  booktitle={Proceedings of the Twenty-Fourth International Conference on Architectural Support for Programming Languages and Operating Systems},
  pages={485--497},
  year={2019}
}
@inproceedings{ayday2019robust,
  title={Robust $\{$Optimization-Based$\}$ Watermarking Scheme for Sequential Data},
  author={Ayday, Erman and Yilmaz, Emre and Yilmaz, Arif},
  booktitle={22nd International Symposium on Research in Attacks, Intrusions and Defenses (RAID 2019)},
  pages={323--336},
  year={2019}
}
@inproceedings{qingcheng2008text,
    author={Li, Qing-Cheng and Dong, Zhen-Hua}, 
    booktitle={{I}nternational {S}ymposium on {C}omputer {S}cience and {C}omputational {T}echnology},
    title={{N}ovel {T}ext {W}atermarking {A}lgorithm {B}ased on {C}hinese {C}haracters {S}tructure},
    year={2008},
    volume={2},
    number={},
    pages={348-351},
    doi={10.1109/ISCSCT.2008.169}
}